@article{einstein,
    author =       "Albert Einstein",
    title =        "{Zur Elektrodynamik bewegter K{\"o}rper}. ({German})
                   [{On} the electrodynamics of moving bodies]",
    journal =      "Annalen der Physik",
    volume =       "322",
    number =       "10",
    pages =        "891--921",
    year =         "1905",
    DOI =          "http://dx.doi.org/10.1002/andp.19053221004",
    keywords =     "physics"
}

@book{dirac,
    title={The Principles of Quantum Mechanics},
    author={Paul Adrien Maurice Dirac},
    isbn={9780198520115},
    series={International series of monographs on physics},
    year={1981},
    publisher={Clarendon Press},
    keywords = {physics}
}

@book{latexcompanion,
    author    = "Michel Goossens and Frank Mittelbach and Alexander Samarin",
    title     = "The \LaTeX\ Companion",
    year      = "1993",
    publisher = "Addison-Wesley",
    address   = "Reading, Massachusetts",
    keywords  = "latex"
}
 
@online{knuthwebsite,
    author    = "Donald Knuth",
    title     = "Knuth: Computers and Typesetting",
    url       = "http://www-cs-faculty.stanford.edu/~uno/abcde.html",
    addendum = "(accessed: 01.09.2016)",
    keywords  = "latex,knuth"
}

@inbook{knuth-fa,
    author = "Donald E. Knuth",
    title = "Fundamental Algorithms",
    publisher = "Addison-Wesley",
    year = "1973",
    chapter = "1.2",
    keywords  = "knuth,programming"
}

@book{knuth-acp,
    author = "Donald E. Knuth",
    publisher = "Addison-Wesley",
    title = "The Art of Computer Programming",
    series = "Four volumes",
    year = "1968",
    note = "Seven volumes planned",
    keywords  = "knuth,programming"
}

@article{ctan,
    author  = "George D. Greenwade",
    title   = "The {C}omprehensive {T}ex {A}rchive {N}etwork ({CTAN})",
    year    = "1993",
    journal = "TUGBoat",
    volume  = "14",
    number  = "3",
    pages   = "342--351",
    keywords  = "latex"
}

@inproceedings{emd,
    title={Interpolating between Optimal Transport and MMD using Sinkhorn Divergences},
    author={Feydy, Jean and S{\'e}journ{\'e}, Thibault and Vialard, Fran{\c{c}}ois-Xavier and Amari, Shun-ichi and Trouve, Alain and Peyr{\'e}, Gabriel},
    booktitle={The 22nd International Conference on Artificial Intelligence and Statistics},
    pages={2681--2690},
    year={2019}
}

@article{cv2,
    author = {Bradski, G.},
    citeulike-article-id = {2236121},
    journal = {Dr. Dobb's Journal of Software Tools},
    keywords = {bibtex-import},
    posted-at = {2008-01-15 19:21:54},
    priority = {4},
    title = {{The OpenCV Library}},
    year = {2000}
}

@incollection{Vibe,
	AUTHOR = {Van Droogenbroeck, Marc and Barnich, Olivier},
	TITLE = {ViBe: A Disruptive Method for Background Subtraction},
	LANGUAGE = {English},
	YEAR = {July 2014},
	DOI = {10.1201/b17223},
	PUBLISHER = {Chapman and Hall/CRC},
	BOOKTITLE = {Background Modeling and Foreground Detection for Video Surveillance},
}

@incollection{Poster,
	AUTHOR = {F. Rozet},
	NOTE = {Poster layout},
	URL = {https://github.com/francois-rozet/sleek-poster/tree/master}
}